

,-------------------.
|     PREAMBLE      |
`-------------------'

@preamble{ " \newcommand{\noop}[1]{} "
}

,-------------------.
|  BIBTEX ENTRIES   |
`-------------------'



@Article{Cheng_2009,
  author       = {Cheng, Dunlei and Stamey, James D. and Branscum, Adam J.},
  title        = {Bayesian approach to average power calculations for binary
                  regression models with misclassified outcomes},
  year         = 2009,
  volume       = 28,
  number       = 5,
  pages        = {848--863},
  doi          = {10.1002/sim.3505},
  url          = {http://dx.doi.org/10.1002/sim.3505},
  journal      = {Statistics in Medicine}
}

@Article{Dendukuri_2004,
  author       = {Dendukuri, Nandini and Rahme, Elham and Bélisle, Patrick and
                  Joseph, Lawrence},
  title        = {Bayesian sample size determination for prevalence and
                  diagnostic test studies in the absence of a gold standard
                  test},
  year         = 2004,
  volume       = 60,
  number       = 2,
  pages        = {388--397},
  doi          = {10.1111/j.0006-341x.2004.00183.x},
  url          = {http://dx.doi.org/10.1111/j.0006-341x.2004.00183.x},
  journal      = {Biometrics}
}

@Article{Brenner_1990,
  author       = {Brenner, Hermann and Savitz, David A.},
  title        = {The effects of sensitivity and specificity of case selection
                  on validity, sample size, precision, and power in
                  hospital-based case-control studies},
  year         = 1990,
  volume       = 132,
  number       = 1,
  pages        = {181--192},
  doi          = {10.1093/oxfordjournals.aje.a115630},
  url          = {http://dx.doi.org/10.1093/oxfordjournals.aje.a115630},
  journal      = {American Journal of Epidemiology}
}

@Article{Baird_1991,
  author       = {Baird, Donna Day and Weinberg, Clarice R. and Rowland, Andrew
                  S.},
  title        = {Reporting errors in time-to-pregnancy data collected with a
                  short questionnaire},
  year         = 1991,
  volume       = 133,
  number       = 12,
  pages        = {1282--1290},
  doi          = {10.1093/oxfordjournals.aje.a115840},
  url          = {http://dx.doi.org/10.1093/oxfordjournals.aje.a115840},
  journal      = {American Journal of Epidemiology}
}

@Article{Brown_2010,
  author       = {Brown, Patrick and Jiang, Hedy},
  title        = {Simulation-based power calculations for large cohort studies},
  year         = 2010,
  volume       = 52,
  number       = 5,
  pages        = {604--615},
  doi          = {10.1002/bimj.200900277},
  url          = {http://dx.doi.org/10.1002/bimj.200900277},
  journal      = {Biometrical Journal}
}

@article{Dotti2013,
title = {Time-course of antibody and cell-mediated immune responses to {P}orcine {R}eproductive and {R}espiratory {S}yndrome virus under field conditions},
journal = {Research in Veterinary Science},
volume = 94,
number = 3,
pages = {510--517},
year = 2013,
doi = {https://doi.org/10.1016/j.rvsc.2012.12.003},
url = {http://www.sciencedirect.com/science/article/pii/S0034528812003554},
author = {Dotti, S. and Guadagnini, G. and Salvini, F. and Razzuoli, E. and Ferrari, M. and Alborali, G. L. and Amadori, M.}
}

@article{Koop2013,
title = {Risk factors for subclinical intramammary infection in dairy goats in two longitudinal field studies evaluated by {B}ayesian logistic regression},
journal = {Preventive Veterinary Medicine},
volume = 108,
number = 4,
pages = {304--312},
year = 2013,
doi = {https://doi.org/10.1016/j.prevetmed.2012.11.007},
url = {http://www.sciencedirect.com/science/article/pii/S0167587712003698},
author = {Koop, Gerrit and Collar, Carol A. and Toft, Nils and Nielen, Mirjam and van Werven, Tine and Bacon, Debora and Gardner, Ian A.}
}

@article{Buczinski2015,
title = {Bayesian estimation of the accuracy of the calf respiratory scoring chart and ultrasonography for the diagnosis of bovine respiratory disease in pre-weaned dairy calves},
journal = {Preventive Veterinary Medicine},
volume = 119,
number = 3,
pages = {227--231},
year = 2015,
doi = {https://doi.org/10.1016/j.prevetmed.2015.02.018},
url = {http://www.sciencedirect.com/science/article/pii/S0167587715000720},
author = {Buczinski, Sébastien and Ollivett, Terri L. and Dendukuri, Nandini}
}

@Book{courant_1996,
  author =    {Courant, Richard and Robbins, Herbert and Stewart, Ian},
  title =        {What is {M}athematics?: {A}n elementary approach to ideas and methods},
  publisher =    {Oxford University Press},
  year =         1996,
  address =   {New York}}

@article{maldonado_2000,
author = {Maldonado, George and Greenland, Sander and Phillips, Carl},
year = 2000,
pages = {S39},
title = {Approximately nondifferential exposure misclassification does not ensure bias toward the null},
volume = 151,
journal = {American Journal of Epidemiology}
}

@article{Haine2017,
author = {Haine, Denis and Dohoo, Ian and Scholl, Daniel and Dufour, Simon},
doi = {10.1016/j.prevetmed.2017.11.010},
journal = {Preventive Veterinary Medicine},
title = {{Diagnosing intramammary infection: Controlling misclassification bias in longitudinal udder health studies}},
year = 2018,
volume = 150,
pages = {162--167}
}

@Article{Clements_2013,
  author       = {Clements, Dylan N. and Handel, Ian G. and Rose, Erica and
                  Querry, Damon and Pugh, Carys A. and Ollier, William E.R. and
                  Morgan, Kenton L. and Kennedy, Lorna J. and Sampson, Jeffery and
                  Summers, Kim M. and C. de Bronsvoort, B. Mark},
  title        = {Dogslife: {A} web-based longitudinal study of {L}abrador {R}etriever
                  health in the {UK}},
  year         = 2013,
  volume       = 9,
  number       = 1,
  pages        = 13,
  doi          = {10.1186/1746-6148-9-13},
  url          = {http://dx.doi.org/10.1186/1746-6148-9-13},
  journal      = {BMC Veterinary Research}
}

@Article{Tobias_2014,
  author       = {Tobias, T.J. and Klinkenberg, D. and Bouma, A. and van den
                  Broek, J. and Daemen, A.J.J.M. and Wagenaar, J.A. and
                  Stegeman, J.A.},
  title        = {A cohort study on {A}ctinobacillus pleuropneumoniae colonisation
                  in suckling piglets},
  year         = 2014,
  volume       = 114,
  number       = {3-4},
  pages        = {223–230},
  doi          = {10.1016/j.prevetmed.2014.02.008},
  url          = {http://dx.doi.org/10.1016/j.prevetmed.2014.02.008},
  journal      = {Preventive Veterinary Medicine}
}

@book{DosSantosSilva1999,
address = {Lyon, France},
author = {{Dos Santos Silva}, Isabel},
publisher = {IARC Scientific Publications},
doi = {10.1002/sim.759},
isbn = 9283204050,
pages = 441,
title = {{Cancer Epidemiology: Principles and Methods}},
url = {http://www.iarc.fr/},
year = 1999
}

@Manual{Rsystem,
    title = {R: {A} Language and Environment for Statistical Computing},
    author = {{R Core Team}},
    organization = {R Foundation for Statistical Computing},
    address = {Vienna, Austria},
    year = 2017,
    url = {https://www.R-project.org/},
  }

@book{Rothman2012,
author = {Rothman, K. J. and Lash, T. L. and Greenland, S.},
publisher = {Lippincott Williams {\&} Wilkins},
title = {{Modern Epidemiology}},
year = 2012
}

@article{Bross1954,
  author =        {Bross, Irwin},
  journal =       {Biometrics},
  number =        {4},
  pages =         {478--486},
  title =         {Misclassification in 2 x 2 tables},
  volume =        {10},
  year =          {1954},
}

@Article{Newell_1962,
  author       = {Newell, David J.},
  title        = {Errors in the Interpretation of Errors in Epidemiology},
  year         = 1962,
  volume       = 52,
  number       = 11,
  pages        = {1925–1928},
  doi          = {10.2105/ajph.52.11.1925},
  url          = {http://dx.doi.org/10.2105/ajph.52.11.1925},
  journal      = {American Journal of Public Health and the Nations Health}
}

@Article{Goldberg_1975,
  author       = {Goldberg, Judith D.},
  title        = {The Effects of Misclassification on the Bias in the Difference
                  Between Two Proportions and the Relative Odds in the Fourfold
                  Table},
  year         = 1975,
  volume       = 70,
  number       = 351,
  pages        = 561,
  doi          = {10.2307/2285933},
  url          = {http://dx.doi.org/10.2307/2285933},
  journal      = {Journal of the American Statistical Association}
}

@Article{Weinberg_1994,
  author       = {Weinberg, Clarice A. and Umbach, David M. and Greenland,
                  Sander},
  title        = {When Will Nondifferential Misclassification of an Exposure
                  Preserve the Direction of a Trend?},
  year         = 1994,
  volume       = 140,
  number       = 6,
  pages        = {565–571},
  doi          = {10.1093/oxfordjournals.aje.a117283},
  url          = {http://dx.doi.org/10.1093/oxfordjournals.aje.a117283},
  journal      = {American Journal of Epidemiology}
}

@Article{Gullen_1968,
  author       = {Gullen, Warren H. and Bearman, Jacob E. and Johnson, Eugene
                  A.},
  title        = {Effects of Misclassification in Epidemiologic Studies},
  year         = 1968,
  volume       = 83,
  number       = 11,
  pages        = 914,
  doi          = {10.2307/4593448},
  url          = {http://dx.doi.org/10.2307/4593448},
  journal      = {Public Health Reports (1896-1970)}
}

@Article{Tang_2014,
  author       = {Tang, Li and Lyles, Robert H. and King, Caroline C. and Hogan,
                  Joseph W. and Lo, Yungtai},
  title        = {Regression analysis for differentially misclassified
                  correlated binary outcomes},
  year         = 2014,
  volume       = 64,
  number       = 3,
  pages        = {433–449},
  doi          = {10.1111/rssc.12081},
  url          = {http://dx.doi.org/10.1111/rssc.12081},
  journal      = {Journal of the Royal Statistical Society: Series C (Applied
                  Statistics)}
}

@Article{Neuhaus_1999,
  author       = {Neuhaus, J.},
  title        = {Bias and efficiency loss due to misclassified responses in
                  binary regression},
  year         = 1999,
  volume       = 86,
  number       = 4,
  pages        = {843–855},
  doi          = {10.1093/biomet/86.4.843},
  url          = {http://dx.doi.org/10.1093/biomet/86.4.843},
  journal      = {Biometrika}
}

@Article{Joseph_1995,
  author       = {Joseph, Lawrence and Gyorkos, Theresa W. and Coupal, Louis},
  title        = {Bayesian Estimation of Disease Prevalence and the Parameters
                  of Diagnostic Tests in the Absence of a Gold Standard},
  year         = 1995,
  volume       = 141,
  number       = 3,
  pages        = {263–272},
  doi          = {10.1093/oxfordjournals.aje.a117428},
  url          = {http://dx.doi.org/10.1093/oxfordjournals.aje.a117428},
  journal      = {American Journal of Epidemiology}
}

@Article{Speybroeck_2012,
  author       = {Speybroeck, Niko and Devleesschauwer, Brecht and Joseph,
                  Lawrence and Berkvens, Dirk},
  title        = {Misclassification errors in prevalence estimation: Bayesian
                  handling with care},
  year         = 2012,
  volume       = 58,
  number       = 5,
  pages        = {791–795},
  doi          = {10.1007/s00038-012-0439-9},
  url          = {http://dx.doi.org/10.1007/s00038-012-0439-9},
  journal      = {International Journal of Public Health}
}

@Article{Duffy_2004,
  author       = {Duffy, S.W. and Warwick, J. and Williams, A.R.W. and Keshavarz, H. and Kaffashian, F. and Rohan, T.E. and Nili, F. and Sadeghi-Hassanabadi, A.},
  title        = {A simple model for potential use with a misclassified binary
                  outcome in epidemiology},
  year         = 2004,
  volume       = 58,
  number       = 8,
  pages        = {712–717},
  doi          = {10.1136/jech.2003.010546},
  url          = {http://dx.doi.org/10.1136/jech.2003.010546},
  journal      = {Journal of Epidemiology \& Community Health}
}

@Article{Chen_2013,
  author       = {Chen, Qixuan and Galfalvy, Hanga and Duan, Naihua},
  title        = {Effects of disease misclassification on exposure--disease
                  association},
  year         = 2013,
  volume       = 103,
  number       = 5,
  pages        = {e67–e73},
  doi          = {10.2105/ajph.2012.300995},
  url          = {http://dx.doi.org/10.2105/ajph.2012.300995},
  journal      = {American Journal of Public Health}
}

@article{Magder1997,
  author =        {Magder, Laurence S. and Hugues, James P.},
  journal =       {American Journal of Epidemiology},
  pages =         {195--203},
  title =         {Logistic regression when the outcome is measured with
                   uncertainty},
  volume =        {146},
  year =          {1997},
}

@Article{Lyles_2011,
  author       = {Lyles, Robert H. and Tang, Li and Superak, Hillary M. and
                  King, Caroline C. and Celentano, David D. and Lo, Yungtai and
                  Sobel, Jack D.},
  title        = {Validation Data-based Adjustments for Outcome
                  Misclassification in Logistic Regression: {A}n illustration},
  year         = 2011,
  volume       = 22,
  number       = 4,
  pages        = {589–597},
  doi          = {10.1097/ede.0b013e3182117c85},
  url          = {http://dx.doi.org/10.1097/ede.0b013e3182117c85},
  journal      = {Epidemiology}
}

@article{McInturff2004,
  author =        {McInturff, Pat and Johnson, Wesley O. and
                   Cowling, David and Gardner, Ian A.},
  journal =       {Statistics in Medicine},
  number =        {7},
  pages =         {1095--1109},
  title =         {Modelling risk when binary outcomes are subject to
                   error},
  volume =        {23},
  year =          {2004},
  doi =           {10.1002/sim.1656},
  url =           {http://onlinelibrary.wiley.com/doi/10.1002/sim.1656/
                  abstract},
}

@Article{Fox_2005,
  author       = {Fox, Matthew P. and Lash, Timothy L. and Greenland, Sander},
  title        = {A method to automate probabilistic sensitivity analyses of
                  misclassified binary variables},
  year         = 2005,
  volume       = 34,
  number       = 6,
  pages        = {1370–1376},
  doi          = {10.1093/ije/dyi184},
  url          = {http://dx.doi.org/10.1093/ije/dyi184},
  journal      = {International Journal of Epidemiology}
}

@article{Quade1980,
  author =        {Quade, Dana and Lachenbruch, Peter A. and
                   Whaley, Fredrick S. and McClish, Donna K. and
                   Haley, Robert W.},
  journal =       {American Journal of Epidemiology},
  number =        {5},
  pages =         {503--515},
  title =         {Effects of misclassifications on statistical
                   inferences in epidemiology},
  volume =        {111},
  year =          {1980},
}

@Article{Thomas_1993,
  author       = {Thomas, D. and Stram, D. and Dwyer, J.},
  title        = {Exposure Measurement Error: {I}nfluence on Exposure--Disease
                  Relationships and Methods of Correction},
  year         = 1993,
  volume       = 14,
  number       = 1,
  pages        = {69–93},
  doi          = {10.1146/annurev.pu.14.050193.000441},
  url          = {http://dx.doi.org/10.1146/annurev.pu.14.050193.000441},
  journal      = {Annual Review of Public Health}
}

@Article{Greenland_1983,
  author       = {Greenland, S. and Kleinbaum, D. G.},
  title        = {Correcting for Misclassification in Two-Way Tables and
                  Matched-Pair Studies},
  year         = 1983,
  volume       = 12,
  number       = 1,
  month        = {Mar},
  pages        = {93–97},
  doi          = {10.1093/ije/12.1.93},
  url          = {http://dx.doi.org/10.1093/ije/12.1.93},
  journal      = {International Journal of Epidemiology}
}

@Article{Kristensen_1992,
  author       = {Kristensen, Petter},
  title        = {Bias from nondifferential but dependent misclassification of
                  exposure and outcome},
  year         = 1992,
  volume       = 3,
  number       = 3,
  pages        = {210–215},
  doi          = {10.1097/00001648-199205000-00005},
  url          = {http://dx.doi.org/10.1097/00001648-199205000-00005},
  journal      = {Epidemiology}
}

@Article{Dosemeci_1990,
  author       = {Dosemeci, Mustafa and Wacholder, Sholom and Lubin, Jay H.},
  title        = {Does nondifferential misclassification of exposure always bias
                  a true effect toward the null value?},
  year         = 1990,
  volume       = 132,
  number       = 4,
  pages        = {746–748},
  doi          = {10.1093/oxfordjournals.aje.a115716},
  url          = {http://dx.doi.org/10.1093/oxfordjournals.aje.a115716},
  journal      = {American Journal of Epidemiology}
}

@Article{Wacholder_1995,
  author       = {Wacholder, S. and Hartge, P. and Lubin, J. H. and Dosemeci, M.},
  title        = {Non-differential misclassification and bias towards the null:
                  {A} clarification},
  year         = 1995,
  volume       = 52,
  number       = 8,
  pages        = {557–558},
  doi          = {10.1136/oem.52.8.557},
  url          = {http://dx.doi.org/10.1136/oem.52.8.557},
  journal      = {Occupational and Environmental Medicine}
}

@Article{Jurek_2004,
  author       = {Jurek, A.M.},
  title        = {Proper interpretation of non-differential misclassification
                  effects: {E}xpectations versus observations},
  year         = 2005,
  volume       = 34,
  number       = 3,
  pages        = {680–687},
  doi          = {10.1093/ije/dyi060},
  url          = {http://dx.doi.org/10.1093/ije/dyi060},
  journal      = {International Journal of Epidemiology}
}

@Article{Jurek_2006,
  author       = {Jurek, Anne M. and Maldonado, George and Greenland, Sander and
                  Church, Timothy R.},
  title        = {Exposure-measurement error is frequently ignored when
                  interpreting epidemiologic study results},
  year         = 2006,
  volume       = 21,
  number       = 12,
  pages        = {871–876},
  doi          = {10.1007/s10654-006-9083-0},
  url          = {http://dx.doi.org/10.1007/s10654-006-9083-0},
  journal      = {European Journal of Epidemiology}
}

@Article{Walsh_1963,
  author       = {Walsh, John E.},
  title        = {Loss in Test Efficiency Due to Misclassification for 2 x 2
                  Tables},
  year         = 1963,
  volume       = 19,
  number       = 1,
  pages        = 158,
  doi          = {10.2307/2527579},
  url          = {http://dx.doi.org/10.2307/2527579},
  journal      = {Biometrics}
}

@Article{Mote_1965,
  author       = {Mote, V.L. and Anderson, R.L.},
  title        = {An Investigation of the Effect of Misclassification on the
                  Properties of \(\chi^2\)-Tests in the Analysis of Categorical Data},
  year         = 1965,
  volume       = 52,
  number       = {1/2},
  pages        = 95,
  doi          = {10.2307/2333815},
  url          = {http://dx.doi.org/10.2307/2333815},
  journal      = {Biometrika}
}

@Article{WHITE_1986,
  author       = {White, Emily},
  title        = {The effect of misclassification of disease status in follow-up
                  studies: {I}mplications for selecting disease classification
                  criteria},
  year         = 1986,
  volume       = 124,
  number       = 5,
  pages        = {816–825},
  doi          = {10.1093/oxfordjournals.aje.a114458},
  url          = {http://dx.doi.org/10.1093/oxfordjournals.aje.a114458},
  journal      = {American Journal of Epidemiology}
}

@Article{Schulz_1983,
  author       = {Schulz, Kenneth F. and Cates, Willard and Grimes, David A. and
                  Selik, Richard M. and Tyler, Carl W.},
  title        = {Reducing classification errors in cohort studies: {T}he approach
                  and a practical application},
  year         = 1983,
  volume       = 2,
  number       = 1,
  pages        = {25–31},
  doi          = {10.1002/sim.4780020104},
  url          = {http://dx.doi.org/10.1002/sim.4780020104},
  journal      = {Statistics in Medicine}
}

@Article{FLEGAL_1986,
  author       = {Flegal, Katherine M. and Brownie, Cavell and Haas, Jere},
  title        = {The effects of exposure misclassification on estimates of relative risk},
  year         = 1986,
  volume       = 123,
  number       = 4,
  pages        = {736–751},
  doi          = {10.1093/oxfordjournals.aje.a114294},
  url          = {http://dx.doi.org/10.1093/oxfordjournals.aje.a114294},
  journal      = {American Journal of Epidemiology}
}

@Article{Kraemer_1985,
  author       = {Kraemer, Helena Chmura},
  title        = {The robustness of common measures of 2 × 2 association to bias
                  due to misclassifications},
  year         = 1985,
  volume       = 39,
  number       = 4,
  pages        = 286,
  doi          = {10.2307/2683705},
  url          = {http://dx.doi.org/10.2307/2683705},
  journal      = {The American Statistician}
}

@Article{Wacholder_1991,
  author       = {Wacholder, Sholom and Dosemeci, Mustafa and Lubin, Jay H.},
  title        = {Blind Assignment of Exposure Does Not Always Prevent
                  Differential Misclassification},
  year         = 1991,
  volume       = 134,
  number       = 4,
  pages        = {433–437},
  doi          = {10.1093/oxfordjournals.aje.a116105},
  url          = {http://dx.doi.org/10.1093/oxfordjournals.aje.a116105},
  journal      = {American Journal of Epidemiology}
}

@Article{Flegal_1991,
  author       = {Flegal, Katherine M. and Keyl, Penelope M. and Nieto, F.
                  Javier},
  title        = {Differential Misclassification Arising from Nondifferential
                  Errors in Exposure Measurement},
  year         = 1991,
  volume       = 134,
  number       = 10,
  pages        = {1233–1246},
  doi          = {10.1093/oxfordjournals.aje.a116026},
  url          = {http://dx.doi.org/10.1093/oxfordjournals.aje.a116026},
  journal      = {American Journal of Epidemiology}
}

@Article{Sorahan_1994,
  author       = {Sorahan, T. and Gilthorpe, M. S.},
  title        = {Non-differential misclassification of exposure always leads to
                  an underestimate of risk: {A}n incorrect conclusion},
  year         = 1994,
  volume       = 51,
  number       = 12,
  pages        = {839–840},
  doi          = {10.1136/oem.51.12.839},
  url          = {http://dx.doi.org/10.1136/oem.51.12.839},
  journal      = {Occupational and Environmental Medicine}
}

@Article{Assakul_1967,
  author       = {Assakul, Kwanchai and Proctor, Charles H.},
  title        = {Testing independence in two-way contingency tables with data
                  subject to misclassification},
  year         = 1967,
  volume       = 32,
  number       = 1,
  pages        = {67–76},
  doi          = {10.1007/bf02289405},
  url          = {http://dx.doi.org/10.1007/bf02289405},
  journal      = {Psychometrika}
}

@Article{Greenland_1989,
  author       = {Greenland, S.},
  title        = {Modeling and variable selection in epidemiologic analysis},
  year         = 1989,
  volume       = 79,
  number       = 3,
  pages        = {340–349},
  doi          = {10.2105/ajph.79.3.340},
  url          = {http://dx.doi.org/10.2105/ajph.79.3.340},
  journal      = {American Journal of Public Health}
}

@article{Dohoo2011b,
author = {Dohoo, I. and Andersen, S. and Dingwell, R. and Hand, K. and Kelton, D. and Leslie, K. and Schukken, Y. and Godden, S.},
doi = {10.3168/jds.2011-4486},
journal = {Journal of Dairy Science},
number = 11,
pages = {5515--5522},
title = {Diagnosing intramammary infections: {C}omparison of multiple versus single quarter milk samples for the identification of intramammary infections in lactating dairy cows},
url = {http://linkinghub.elsevier.com/retrieve/pii/S0022030211005789},
volume = 94,
year = 2011
}

@article{Delgado-Rodriguez2004,
author = {Delgado-Rodriguez, Miguel and Llorca, Javier},
doi = {10.1136/jech.2003.008466},
journal = {Journal of Epidemiology {\&} Community Health},
number = 8,
pages = {635--641},
title = {Bias},
url = {http://jech.bmj.com/cgi/doi/10.1136/jech.2003.008466},
volume = 58,
year = 2004
}

@article{Dufour2012,
  author =        {Dufour, S. and Dohoo, I. R. and Barkema, H. W. and
                   DesCôteaux, L. and DeVries, T. J. and Reyher, K. K. and
                   Roy, J.-P. and Scholl, D. T.},
  journal =       {Journal of Dairy Science},
  number =        {6},
  pages =         {3110--3124},
  title =         {Epidemiology of coagulase-negative staphylococci
                   intramammary infection in dairy cattle and the effect
                   of bacteriological culture misclassification},
  volume =        {95},
  year =          {2012},
  doi =           {10.3168/jds.2011-5164},
  url =           {http://www.sciencedirect.com/science/article/pii/
                  S002203021200286X},
}

@article{Zadoks2001,
  author =        {Zadoks, R. N. and Allore, H. G. and Barkema, H. W. and
                   Sampimon, O. C. and Wellenberg, G. J. and
                   Gröhn, Y. T. and Schukken, Y. H.},
  journal =       {Journal of Dairy Science},
  number =        {12},
  pages =         {2649--2663},
  title =         {Cow- and quarter-level risk factors for
                   {S}treptococcus uberis and {S}taphylococcus aureus
                   mastitis},
  volume =        {84},
  year =          {2001},
  doi =           {10.3168/jds.S0022-0302(01)74719-4},
  url =           {http://www.ncbi.nlm.nih.gov/pubmed/11814021},
}

@article{Dohoo2011,
  author =        {Dohoo, I. R. and Smith, J. and Andersen, S. and
                   Kelton, D. F. and Godden, S.},
  journal =       {Journal of Dairy Science},
  number =        {1},
  pages =         {250--261},
  title =         {Diagnosing intramammary infections: {E}valuation of
                   definitions based on a single milk sample},
  volume =        {94},
  year =          {2011},
  doi =           {10.3168/jds.2010-3559},
  url =           {http://www.sciencedirect.com/science/article/pii/
                  S0022030210006922},
}

@article{Dufour2012b,
  author =        {Dufour, S. and Dohoo, I. R. and Barkema, H. W. and
                   DesCôteaux, L. and DeVries, T. J. and Reyher, K. K. and
                   Roy, J-P and Scholl, D. T.},
  journal =       {Journal of Dairy Science},
  pages =         {1283--1300},
  title =         {Manageable risk factors associated with the
                   lactational incidence, elimination, and prevalence of
                   {S}taphylococcus aureus intramammary infections in
                   dairy cows},
  volume =        {95},
  year =          {2012},
  doi =           {10.3168/jds.2011-4711},
}

@article{Rogan1978,
  author =        {Rogan, Walter J. and Gladen, Beth},
  journal =       {American Journal of Epidemiology},
  number =        {1},
  pages =         {71--76},
  title =         {Estimating prevalence from the results of a screening
                   test},
  volume =        {107},
  year =          {1978},
}

@article{Barron1977,
  author =        {Barron, Bruce A.},
  journal =       {Biometrics},
  number =        {2},
  pages =         {414--418},
  title =         {The effects of misclassification on the estimation of
                   relative risk},
  volume =        {33},
  year =          {1977},
  doi =           {10.1002/0471667196.ess0146.pub2},
  url =           {http://doi.wiley.com/10.1002/0471667196.ess0146.pub2},
}

@article{Greenland1980,
  author =        {Greenland, Sander},
  journal =       {American Journal of Epidemiology},
  number =        {4},
  pages =         {564--569},
  title =         {The effect of misclassification in the presence of
                   covariates},
  volume =        {112},
  year =          {1980},
}

@article{Copeland1977,
  author =        {Copeland, Karen T. and Checkoway, Harvey and
                   McMichael, Anthony J. and Holbrook, Robert H.},
  journal =       {American Journal of Epidemiology},
  number =        {5},
  pages =         {488--495},
  title =         {Bias due to misclassification in the estimation of
                   relative risk},
  volume =        {105},
  year =          {1977},
}

@article{Poole1985,
  author =        {Poole, C.},
  journal =       {American Journal of Epidemiology},
  number =        {3},
  pages =         {508},
  title =         {Exceptions to the rule about nondifferential
                   misclassification},
  volume =        {122},
  year =          {1985},
}

@article{Pekkanen2006,
  author =        {Pekkanen, Juha and Sunyer, Jordi and Chinn, Susan},
  journal =       {Journal of Clinical Epidemiology},
  pages =         {281--289},
  title =         {Nondifferential disease misclassification may bias
                   incidence risk ratios away from the null},
  volume =        {59},
  year =          {2006},
  doi =           {10.1016/j.jclinepi.2005.07.013},
}

@article{Pekkanen2008,
  author =        {Pekkanen, J. and Sunyer, J.},
  journal =       {European Journal of Epidemiology},
  number =        {9},
  pages =         {581--584},
  title =         {Problems in using incidence to analyze risk factors
                   in follow-up studies},
  volume =        {23},
  year =          {2008},
  doi =           {10.1007/s10654-008-9280-0},
}

@article{Brenner1993,
  author =        {Brenner, Hermann and Gefeller, Olaf},
  journal =       {American Journal of Epidemiology},
  pages =         {1007--1015},
  title =         {Use of the positive predictive value to correct for
                   disease misclassification in epidemiological studies},
  volume =        {138},
  year =          {1993},
}

@article{Hui1980,
  author =        {Hui, S. L. and Walter, S. D.},
  journal =       {Biometrics},
  pages =         {167--171},
  title =         {Estimating the error rates of diagnostic tests},
  volume =        {36},
  year =          {1980},
  doi =           {10.1002/0471667196.ess0146.pub2},
}

@book{Lash2009,
  author =        {Lash, Timothy L. and Fox, Matthew P. and
                   Fink, Aliza K.},
  pages =         {192},
  publisher =     {Springer},
  title =         {Applying {Q}uantitative {B}ias {A}nalysis to
                   {E}pidemiologic {D}ata},
  year =          {2009},
  url =           {http://www.springer.com/public+health/book/
                  978-0-387-87960-4},
}

@Book{dohoo2009,
  author =       {Dohoo, Ian and Martin, Wayne and Stryhn, Henrik},
  pages =        865,
  title =        {Veterinary {E}pidemiologic {R}esearch},
  publisher =    {VER Inc.},
  year =         2009,
  edition =      {2nd edition},
}
